<?xml version="1.0" encoding="UTF-8"?>
<record>
  <leader>01381nam a2200349 c 4500</leader>
  <controlfield tag="003">DE-605</controlfield>
  <controlfield tag="005">20240604093324.0</controlfield>
  <controlfield tag="007">tu</controlfield>
  <controlfield tag="008">240517s        sz |||| |m||| ||| | eng c</controlfield>
  <controlfield tag="001">99374022974006441</controlfield>
  <datafield tag="020" ind1=" " ind2=" ">
    <subfield code="a">9783031253461</subfield>
    <subfield code="9">978-3-031-25346-1</subfield>
  </datafield>
  <datafield tag="035" ind1=" " ind2=" ">
    <subfield code="a">(DE-605)HT030746329</subfield>
  </datafield>
  <datafield tag="040" ind1=" " ind2=" ">
    <subfield code="a">DE-290</subfield>
    <subfield code="b">ger</subfield>
    <subfield code="c">DE-290</subfield>
    <subfield code="d">DE-290</subfield>
    <subfield code="e">rda</subfield>
  </datafield>
  <datafield tag="041" ind1=" " ind2=" ">
    <subfield code="a">eng</subfield>
  </datafield>
  <datafield tag="044" ind1=" " ind2=" ">
    <subfield code="c">XA-CH</subfield>
  </datafield>
  <datafield tag="100" ind1="1" ind2=" ">
    <subfield code="a">Mierau, Johannes</subfield>
    <subfield code="d">1988-</subfield>
    <subfield code="0">(DE-588)1329881508</subfield>
    <subfield code="4">aut</subfield>
    <subfield code="0">https://d-nb.info/gnd/1329881508</subfield>
    <subfield code="B">GND-1329881508</subfield>
  </datafield>
  <datafield tag="245" ind1="1" ind2="0">
    <subfield code="a">Erhard Scheibe's structuralism</subfield>
    <subfield code="b">roots and prospects</subfield>
    <subfield code="c">Johannes Mierau</subfield>
  </datafield>
  <datafield tag="264" ind1=" " ind2="1">
    <subfield code="a">Cham</subfield>
    <subfield code="b">Springer</subfield>
    <subfield code="c">[2023]</subfield>
  </datafield>
  <datafield tag="264" ind1=" " ind2="4">
    <subfield code="c">© 2023</subfield>
  </datafield>
  <datafield tag="300" ind1=" " ind2=" ">
    <subfield code="a">vi, 178 Seiten</subfield>
    <subfield code="b">Diagramme</subfield>
  </datafield>
  <datafield tag="336" ind1=" " ind2=" ">
    <subfield code="b">txt</subfield>
  </datafield>
  <datafield tag="337" ind1=" " ind2=" ">
    <subfield code="b">n</subfield>
  </datafield>
  <datafield tag="338" ind1=" " ind2=" ">
    <subfield code="b">nc</subfield>
  </datafield>
  <datafield tag="689" ind1="0" ind2="0">
    <subfield code="a">Scheibe, Erhard</subfield>
    <subfield code="d">1927-2010</subfield>
    <subfield code="D">p</subfield>
    <subfield code="0">(DE-588)11926532X</subfield>
    <subfield code="B">GND-11926532X</subfield>
  </datafield>
  <datafield tag="689" ind1="0" ind2="1">
    <subfield code="a">Wissenschaftstheorie</subfield>
    <subfield code="D">s</subfield>
    <subfield code="0">(DE-588)4117665-0</subfield>
    <subfield code="B">GND-041176650</subfield>
  </datafield>
  <datafield tag="689" ind1="0" ind2="2">
    <subfield code="a">Technische Universität Dortmund</subfield>
    <subfield code="b">Fakultät Humanwissenschaften und Theologie</subfield>
    <subfield code="D">b</subfield>
    <subfield code="0">(DE-588)10366597-3</subfield>
    <subfield code="B">GND-991822099</subfield>
  </datafield>
  <datafield tag="035" ind1=" " ind2=" ">
    <subfield code="a">(DE-599)HBZHT030746329</subfield>
  </datafield>
  <datafield tag="751" ind1=" " ind2=" ">
    <subfield code="a">Dortmund</subfield>
    <subfield code="0">(DE-588)4012814-3</subfield>
    <subfield code="4">uvp</subfield>
    <subfield code="0">https://d-nb.info/gnd/040128148</subfield>
    <subfield code="B">GND-040128148</subfield>
  </datafield>
  <datafield tag="655" ind1=" " ind2="7">
    <subfield code="a">Hochschulschrift</subfield>
    <subfield code="0">(DE-588)4113937-9</subfield>
    <subfield code="2">gnd-content</subfield>
  </datafield>
  <datafield tag="500" ind1=" " ind2=" ">
    <subfield code="a">This is the first part of the dissertation. The second part has been published in: The paradox of phase transitions</subfield>
  </datafield>
  <datafield tag="502" ind1=" " ind2=" ">
    <subfield code="b">Dissertation</subfield>
    <subfield code="c">Technische Universität Dortmund</subfield>
    <subfield code="d">2021</subfield>
  </datafield>
  <datafield tag="505" ind1="8" ind2="0">
    <subfield code="t">&lt;&lt;The&gt;&gt; paradox of phase transitions</subfield>
    <subfield code="6">HT030748024</subfield>
    <subfield code="g">zweiter Teil der Dissertation, nicht im Verlag erschienen</subfield>
  </datafield>
  <datafield tag="MBD" ind1=" " ind2=" ">
    <subfield code="M">49HBZ_NETWORK</subfield>
    <subfield code="i">99374022974006441</subfield>
    <subfield code="n">HBZ Network</subfield>
  </datafield>
  <datafield tag="MBD" ind1=" " ind2=" ">
    <subfield code="M">49HBZ_UBD</subfield>
    <subfield code="i">991013747569606445</subfield>
    <subfield code="n">Technische Universität Dortmund</subfield>
  </datafield>
  <datafield tag="MNG" ind1=" " ind2=" ">
    <subfield code="c">DE1130000064802######49HBZ_UBD</subfield>
    <subfield code="f">49HBZ_NETWORK</subfield>
    <subfield code="i">marc21</subfield>
    <subfield code="k">01</subfield>
    <subfield code="e">false</subfield>
    <subfield code="d">2024-06-04 09:33:24 Europe/Berlin</subfield>
    <subfield code="g">99374022974006441</subfield>
    <subfield code="j">60</subfield>
    <subfield code="a">DE1130000064802######49HBZ_UBD</subfield>
    <subfield code="b">2024-05-17 12:17:03 Europe/Berlin</subfield>
  </datafield>
  <datafield tag="H52" ind1="8" ind2=" ">
    <subfield code="b">EFB</subfield>
    <subfield code="c">Freihand</subfield>
    <subfield code="8">22250016880006445</subfield>
  </datafield>
  <datafield tag="HOL" ind1=" " ind2=" ">
    <subfield code="d">2024-05-17 10:17:56</subfield>
    <subfield code="8">22250016880006445</subfield>
    <subfield code="b">2024-05-17 10:17:56</subfield>
    <subfield code="M">49HBZ_UBD</subfield>
    <subfield code="g">false</subfield>
    <subfield code="a">Acquisition (PO line POL-20272)</subfield>
    <subfield code="c">DE1130000064802</subfield>
  </datafield>
  <datafield tag="H52" ind1="8" ind2=" ">
    <subfield code="b">S7</subfield>
    <subfield code="c">Diss_Do</subfield>
    <subfield code="8">22250016900006445</subfield>
  </datafield>
  <datafield tag="HOL" ind1=" " ind2=" ">
    <subfield code="d">2024-05-17 10:17:44</subfield>
    <subfield code="8">22250016900006445</subfield>
    <subfield code="b">2024-05-17 10:17:44</subfield>
    <subfield code="M">49HBZ_UBD</subfield>
    <subfield code="g">false</subfield>
    <subfield code="a">Acquisition (PO line POL-20272)</subfield>
    <subfield code="c">DE1130000064802</subfield>
  </datafield>
  <datafield tag="ITM" ind1=" " ind2=" ">
    <subfield code="H">22250016900006445</subfield>
    <subfield code="x">Diss_Do</subfield>
    <subfield code="f">THESIS</subfield>
    <subfield code="v">Diss_Do</subfield>
    <subfield code="X">DE1130000143082</subfield>
    <subfield code="U">2024-05-17 12:54:21 Europe/Berlin</subfield>
    <subfield code="Y">2024-06-14 14:46:47 Europe/Berlin</subfield>
    <subfield code="n">DissDo 2021/285-1</subfield>
    <subfield code="M">49HBZ_UBD</subfield>
    <subfield code="s">1</subfield>
    <subfield code="d">8</subfield>
    <subfield code="V">Acquisition (PO line POL-20272)</subfield>
    <subfield code="b">60129561611</subfield>
    <subfield code="a">23250016890006445</subfield>
    <subfield code="S">POL-20272</subfield>
    <subfield code="W">2024-05-17 12:17:44 Europe/Berlin</subfield>
    <subfield code="u">S7</subfield>
    <subfield code="w">S7</subfield>
  </datafield>
  <datafield tag="ITM" ind1=" " ind2=" ">
    <subfield code="H">22250016880006445</subfield>
    <subfield code="x">Freihand</subfield>
    <subfield code="f">THESIS</subfield>
    <subfield code="v">Freihand</subfield>
    <subfield code="X">DE1130000033742</subfield>
    <subfield code="U">2024-05-17 12:21:02 Europe/Berlin</subfield>
    <subfield code="Y">2024-05-21 09:09:58 Europe/Berlin</subfield>
    <subfield code="n">Ba 14655</subfield>
    <subfield code="M">49HBZ_UBD</subfield>
    <subfield code="s">1</subfield>
    <subfield code="d">8</subfield>
    <subfield code="V">Acquisition (PO line POL-20272)</subfield>
    <subfield code="b">60129561612</subfield>
    <subfield code="a">23250016870006445</subfield>
    <subfield code="S">POL-20272</subfield>
    <subfield code="W">2024-05-17 12:17:56 Europe/Berlin</subfield>
    <subfield code="u">EFB</subfield>
    <subfield code="w">EFB</subfield>
  </datafield>
  <datafield tag="GSI" ind1="7" ind2=" ">
    <subfield code="a">4117665-0</subfield>
    <subfield code="0">http://d-nb.info/gnd/4117665-0</subfield>
    <subfield code="2">gnd</subfield>
    <subfield code="A">GND</subfield>
    <subfield code="B">GND-041176650</subfield>
    <subfield code="C">024</subfield>
  </datafield>
  <datafield tag="GKT" ind1="2" ind2=" ">
    <subfield code="a">Fakultät Humanwissenschaften und Theologie</subfield>
    <subfield code="g">Technische Universität Dortmund</subfield>
    <subfield code="A">GND</subfield>
    <subfield code="B">GND-991822099</subfield>
    <subfield code="C">410</subfield>
  </datafield>
  <datafield tag="GKT" ind1="2" ind2=" ">
    <subfield code="a">Technische Universität Dortmund</subfield>
    <subfield code="b">Fakultät</subfield>
    <subfield code="g">14</subfield>
    <subfield code="A">GND</subfield>
    <subfield code="B">GND-991822099</subfield>
    <subfield code="C">410</subfield>
  </datafield>
  <datafield tag="GKT" ind1="2" ind2=" ">
    <subfield code="a">Fakultät Humanwissenschaften und Theologie</subfield>
    <subfield code="g">Dortmund</subfield>
    <subfield code="A">GND</subfield>
    <subfield code="B">GND-991822099</subfield>
    <subfield code="C">410</subfield>
  </datafield>
  <datafield tag="GSI" ind1="7" ind2=" ">
    <subfield code="a">http://d-nb.info/gnd/10366597-3</subfield>
    <subfield code="2">uri</subfield>
    <subfield code="A">GND</subfield>
    <subfield code="B">GND-991822099</subfield>
    <subfield code="C">024</subfield>
  </datafield>
  <datafield tag="GPN" ind1="1" ind2=" ">
    <subfield code="a">Scheibe, E.</subfield>
    <subfield code="d">1927-2010</subfield>
    <subfield code="A">GND</subfield>
    <subfield code="B">GND-11926532X</subfield>
    <subfield code="C">400</subfield>
  </datafield>
  <datafield tag="GSI" ind1="7" ind2=" ">
    <subfield code="a">11926532X</subfield>
    <subfield code="0">http://d-nb.info/gnd/11926532X</subfield>
    <subfield code="2">gnd</subfield>
    <subfield code="A">GND</subfield>
    <subfield code="B">GND-11926532X</subfield>
    <subfield code="C">024</subfield>
  </datafield>
  <datafield tag="GSI" ind1="7" ind2=" ">
    <subfield code="a">4012814-3</subfield>
    <subfield code="0">http://d-nb.info/gnd/4012814-3</subfield>
    <subfield code="2">gnd</subfield>
    <subfield code="A">GND</subfield>
    <subfield code="B">GND-040128148</subfield>
    <subfield code="C">024</subfield>
  </datafield>
  <datafield tag="GSI" ind1="7" ind2=" ">
    <subfield code="a">2935517</subfield>
    <subfield code="2">geonames</subfield>
    <subfield code="A">GND</subfield>
    <subfield code="B">GND-040128148</subfield>
    <subfield code="C">024</subfield>
  </datafield>
  <datafield tag="GGN" ind1=" " ind2=" ">
    <subfield code="a">Groß-Dortmund</subfield>
    <subfield code="A">GND</subfield>
    <subfield code="B">GND-040128148</subfield>
    <subfield code="C">451</subfield>
  </datafield>
  <datafield tag="GGN" ind1=" " ind2=" ">
    <subfield code="a">DO</subfield>
    <subfield code="4">abku</subfield>
    <subfield code="i">Abkuerzung</subfield>
    <subfield code="A">GND</subfield>
    <subfield code="B">GND-040128148</subfield>
    <subfield code="C">451</subfield>
  </datafield>
  <datafield tag="GGN" ind1=" " ind2=" ">
    <subfield code="a">Stadt Dortmund</subfield>
    <subfield code="A">GND</subfield>
    <subfield code="B">GND-040128148</subfield>
    <subfield code="C">451</subfield>
  </datafield>
  <datafield tag="GGN" ind1=" " ind2=" ">
    <subfield code="a">Dörtmünd</subfield>
    <subfield code="A">GND</subfield>
    <subfield code="B">GND-040128148</subfield>
    <subfield code="C">451</subfield>
  </datafield>
  <datafield tag="GGN" ind1=" " ind2=" ">
    <subfield code="a">Throtmanni</subfield>
    <subfield code="9">v:880/884</subfield>
    <subfield code="A">GND</subfield>
    <subfield code="B">GND-040128148</subfield>
    <subfield code="C">451</subfield>
  </datafield>
  <datafield tag="GGN" ind1=" " ind2=" ">
    <subfield code="a">Tremonia</subfield>
    <subfield code="9">v:1152</subfield>
    <subfield code="A">GND</subfield>
    <subfield code="B">GND-040128148</subfield>
    <subfield code="C">451</subfield>
  </datafield>
  <datafield tag="GSI" ind1="7" ind2=" ">
    <subfield code="a">1329881508</subfield>
    <subfield code="0">http://d-nb.info/gnd/1329881508</subfield>
    <subfield code="2">gnd</subfield>
    <subfield code="A">GND</subfield>
    <subfield code="B">GND-1329881508</subfield>
    <subfield code="C">024</subfield>
  </datafield>
</record>
